<record><leader>00000cas a22000007a 4500</leader><controlfield tag="001">11720803</controlfield><controlfield tag="008">850222d1873187unyuwr ne      0    0eng d</controlfield><datafield ind1=" " ind2=" " tag="010"><subfield code="a">sn 85025398 </subfield></datafield><datafield ind1=" " ind2=" " tag="040"><subfield code="a">NPX</subfield><subfield code="b">eng</subfield><subfield code="c">NPX</subfield><subfield code="d">NYS</subfield><subfield code="d">OCLCQ</subfield></datafield><datafield ind1=" " ind2=" " tag="042"><subfield code="a">msc</subfield></datafield><datafield ind1="0" ind2="4" tag="245"><subfield code="a">The Gloversville advertiser.</subfield></datafield><datafield ind1=" " ind2=" " tag="260"><subfield code="a">Gloversville, N.Y. :</subfield><subfield code="b">J.H. Burtch</subfield></datafield><datafield ind1=" " ind2=" " tag="300"><subfield code="a">v.</subfield></datafield><datafield ind1=" " ind2=" " tag="310"><subfield code="a">Weekly</subfield></datafield><datafield ind1="1" ind2=" " tag="362"><subfield code="a">Began in 1873.</subfield></datafield><datafield ind1=" " ind2=" " tag="500"><subfield code="a">Editor: John H. Burtch, 1873-&lt;1874&gt;.</subfield></datafield><datafield ind1=" " ind2=" " tag="588"><subfield code="a">Description based on: Vol. 1, no. 26 (Oct. 27, 1873).</subfield></datafield><datafield ind1=" " ind2="4" tag="651"><subfield code="a">Gloversville (N.Y.)</subfield><subfield code="v">Newspapers.</subfield></datafield><datafield ind1=" " ind2="4" tag="651"><subfield code="a">Fulton County (N.Y.)</subfield><subfield code="v">Newspapers.</subfield></datafield><datafield ind1=" " ind2=" " tag="752"><subfield code="a">United States</subfield><subfield code="b">New York</subfield><subfield code="c">Fulton</subfield><subfield code="d">Gloversville.</subfield></datafield><datafield ind1="0" ind2=" " tag="775"><subfield code="t">Daily advertiser (Gloversville, N.Y.)</subfield></datafield><datafield ind1="0" ind2="0" tag="780"><subfield code="t">Gloversville weekly advertiser</subfield><subfield code="w">(DLC)sn 95071215</subfield></datafield><datafield ind1="1" ind2=" " tag="029"><subfield code="a">AU@</subfield><subfield code="b">000020352105</subfield></datafield></record>